@article{markowitz1952portfolio,
 ISSN = {00221082, 15406261},
 URL = {http://www.jstor.org/stable/2975974},
 author = {Harry Markowitz},
 journal = {The Journal of Finance},
 number = {1},
 pages = {77--91},
 publisher = {[American Finance Association, Wiley]},
 title = {Portfolio Selection},
 urldate = {2023-06-12},
 volume = {7},
 year = {1952}
}

@misc{von2007tutorial,
      title={A Tutorial on Spectral Clustering}, 
      author={Ulrike von Luxburg},
      year={2007},
      eprint={0711.0189},
      archivePrefix={arXiv},
      primaryClass={cs.DS}
}

@misc{its_convex_if_you_tilt_your_head_a_bit, 
title={It's Convex if You Tilt Your Head a Bit}, url={https://theodiamandis.com/blog/2022/sharpe/}, 
journal={It's convex if you tilt your head a bit}, publisher={Massachusetts Institute of Technology}, author={Diamandis, Theo}} 

@inproceedings{ng2002spectral,
 author = {Ng, Andrew and Jordan, Michael and Weiss, Yair},
 booktitle = {Advances in Neural Information Processing Systems},
 editor = {T. Dietterich and S. Becker and Z. Ghahramani},
 pages = {},
 publisher = {MIT Press},
 title = {On Spectral Clustering: Analysis and an algorithm},
 url = {https://proceedings.neurips.cc/paper_files/paper/2001/file/801272ee79cfde7fa5960571fee36b9b-Paper.pdf},
 volume = {14},
 year = {2001}
}

@misc{kingma2014adam,
      title={Adam: A Method for Stochastic Optimization}, 
      author={Diederik P. Kingma and Jimmy Ba},
      year={2017},
      eprint={1412.6980},
      archivePrefix={arXiv},
      primaryClass={cs.LG}
}